
@String{sigir="SIGIR"}
@String(aistats="AISTATS")
@String{jmlr="JMLR"}
@String{icml="ICML"}
@String{acl="ACL"}
@String{hlt="HLT"}
@String{emnlp="HLT"}
@String{semeval="SemEval"}
@String{kdd="KDD"}
@String{nips="NIPS"}
@String{cl="Comput. Ling."}
@String{jasa="JASA"}
@String{uai="UAI"}


% These are hardly ever used
@String{nodalida="NODALIDA"}