
@String{sigir="Proceedings of the ACM SIGIR Conference on Research and Development in Information Retrieval"}
@String{aistats="Proceedings of Artificial Intelligence and Statistics"}
@String{jmlr="Journal of Machine Learning Research"}
@String{icml="Proceedings of International Conference of Machine Learning"}
@String{acl="Proceedings of Association for Computational Linguistics"}
@String{hlt="Proceedings of the Human Language Technology Conference"}
@String{emnlp="Proceedings of Emperical Methods in Natural Language Processing"}
@String{semeval="Proceedings of SemEval-2007"}
@String{nips="Advances in Neural Information Processing Systems"}
@String{cl="Computational Linguistics"}
@String{jasa="Journal of the American Statistical Association"}
@String{kdd="International conference on Knowledge Discovery and Data Mining"}
@String{uai="Proceedings of the 20th conference on Uncertainty in artificial intelligence"}

% These are hardly ever used
@String{nodalida="Proceedings of the Nordic Conference on Computational Linguistics"}